<?xml version="1.0" encoding="UTF-8"?><collection xmlns="http://www.loc.gov/MARC21/slim"><record><leader>00399nam--2200145-i-4500</leader><controlfield tag="001">000049070</controlfield><controlfield tag="002">20161230</controlfield><controlfield tag="005">20170112001722</controlfield><controlfield tag="008">060222s1000------------r-----000-0-eng-d</controlfield><datafield ind1=" " ind2=" " tag="245"><subfield code="a">Radiosotopes in medicine. A course given by the Oak Ridge Inst.of Nuclear Studies</subfield></datafield><datafield ind1=" " ind2=" " tag="260"><subfield code="a">Oak Ridge</subfield><subfield code="b">Usaec</subfield><subfield code="c">1955</subfield></datafield><datafield ind1=" " ind2=" " tag="300"><subfield code="a">817 p</subfield></datafield><datafield ind1=" " ind2=" " tag="700"><subfield code="a">Andrews, Gould</subfield></datafield><datafield ind1=" " ind2=" " tag="852"><subfield code="a">12385</subfield></datafield><datafield ind1=" " ind2=" " tag="CAT"><subfield code="a">SYS</subfield><subfield code="c">20170112</subfield><subfield code="h">001722</subfield></datafield></record></collection>